
@book{hart1983human,
  title={Human brain and human learning},
  author={Hart, Leslie A},
  volume={82283795},
  year={1983},
  publisher={Longman New York}
}



@book{Bear2010Neuroscience,
	title={Neuroscience},
	author={MARK F. BEAR and BARRY W. CONNORS and MICHAEL A. PARADISO},
	volume={2},
	year={2016},
	publisher={Lippincott Williams \& Wilkins}
}

@article{abolhasan2004review,
	title={A review of routing protocols for mobile ad hoc networks},
	author={Abolhasan, Mehran and Wysocki, Tadeusz and Dutkiewicz, Eryk},
	journal={Ad hoc networks},
	volume={2},
	number={1},
	pages={1--22},
	year={2004},
	publisher={Elsevier}
}

@article{sporns2002network,
	title={Network analysis, complexity, and brain function},
	author={Sporns, Olaf},
	journal={Complexity},
	volume={8},
	number={1},
	pages={56--60},
	year={2002},
	publisher={Wiley Online Library}
}

@article{eguiluz2005scale,
	title={Scale-free brain functional networks},
	author={Eguiluz, Victor M and Chialvo, Dante R and Cecchi, Guillermo A and Baliki, Marwan and Apkarian, A Vania},
	journal={Physical review letters},
	volume={94},
	number={1},
	pages={018102},
	year={2005},
	publisher={APS}
}

@article{he2010temporal,
	title={The temporal structures and functional significance of scale-free brain activity},
	author={He, Biyu J and Zempel, John M and Snyder, Abraham Z and Raichle, Marcus E},
	journal={Neuron},
	volume={66},
	number={3},
	pages={353--369},
	year={2010},
	publisher={Elsevier}
}

@article{stephan2000computational,
	title={Computational analysis of functional connectivity between areas of primate cerebral cortex},
	author={Stephan, Klaas E and Hilgetag, Claus--C and Burns, Gully APC and O'Neill, Marc A and Young, Malcolm P and Kotter, Rolf},
	journal={Philosophical Transactions of the Royal Society of London B: Biological Sciences},
	volume={355},
	number={1393},
	pages={111--126},
	year={2000},
	publisher={The Royal Society}
}

@book{kandel2000principles,
	title={Principles of neural science},
	author={Kandel, Eric R and Schwartz, James H and Jessell, Thomas M and Siegelbaum, Steven A and Hudspeth, A James and others},
	volume={4},
	year={2000},
	publisher={McGraw-hill New York}
}

@article{ahlswede2000network,
	title={Network information flow},
	author={Ahlswede, Rudolf and Cai, Ning and Li, S-YR and Yeung, Raymond W},
	journal={IEEE Transactions on information theory},
	volume={46},
	number={4},
	pages={1204--1216},
	year={2000},
	publisher={IEEE}
}

@article{peng2004cdn,
	title={CDN: Content distribution network},
	author={Peng, Gang},
	journal={arXiv preprint cs/0411069},
	year={2004}
}

@inproceedings{gkantsidis2005network,
	title={Network coding for large scale content distribution},
	author={Gkantsidis, Christos and Rodriguez, Pablo Rodriguez},
	booktitle={INFOCOM 2005. 24th Annual Joint Conference of the IEEE Computer and Communications Societies. Proceedings IEEE},
	volume={4},
	pages={2235--2245},
	year={2005},
	organization={IEEE}
}

@article{boccaletti2006complex,
	title={Complex networks: Structure and dynamics},
	author={Boccaletti, Stefano and Latora, Vito and Moreno, Yamir and Chavez, Martin and Hwang, D-U},
	journal={Physics reports},
	volume={424},
	number={4-5},
	pages={175--308},
	year={2006},
	publisher={Elsevier}
}


@book{gibbons1992primer,
	title={A primer in game theory},
	author={Gibbons, Robert},
	year={1992},
	publisher={Harvester Wheatsheaf}
}

@misc{papo2014complex,
	title={Complex network theory and the brain},
	author={Papo, David and Buld{\'u}, Javier M and Boccaletti, Stefano and Bullmore, Edward T},
	year={2014},
	publisher={The Royal Society}
}
@article{nakamoto2008bitcoin,
	title={Bitcoin: A peer-to-peer electronic cash system},
	author={Nakamoto, Satoshi},
	year={2008},
	publisher={Working Paper}
}